<record><leader>01268nas a22003371  4500</leader><controlfield tag="001">000496558</controlfield><controlfield tag="003">MiAaHDL</controlfield><controlfield tag="005">20210817000000.0</controlfield><controlfield tag="006">m        d        </controlfield><controlfield tag="007">cr bn ---auaua</controlfield><controlfield tag="008">880718d19261941pr ar p      s0uuua0eng  </controlfield><datafield tag="010" ind1=" " ind2=" "><subfield code="a">44046817</subfield></datafield><datafield tag="035" ind1=" " ind2=" "><subfield code="a">(MiU)990004965580106381</subfield></datafield><datafield tag="035" ind1=" " ind2=" "><subfield code="a">sdr-miu.990004965580106381</subfield></datafield><datafield tag="035" ind1=" " ind2=" "><subfield code="a">(OCoLC)243880228</subfield></datafield><datafield tag="035" ind1=" " ind2=" "><subfield code="a">(CaOTULAS)160146671</subfield></datafield><datafield tag="035" ind1=" " ind2=" "><subfield code="a">(RLIN)MIUG16717-S</subfield></datafield><datafield tag="035" ind1=" " ind2=" "><subfield code="z">(MiU)Aleph000496558</subfield></datafield><datafield tag="040" ind1=" " ind2=" "><subfield code="a">MiU</subfield><subfield code="c">MiU</subfield></datafield><datafield tag="050" ind1="0" ind2=" "><subfield code="a">TC433.P8</subfield><subfield code="b">A3</subfield></datafield><datafield tag="082" ind1=" " ind2=" "><subfield code="a">627.1</subfield></datafield><datafield tag="110" ind1="1" ind2=" "><subfield code="a">Puerto Rico.</subfield><subfield code="b">Utilization of the Water Resources (Bureau)</subfield></datafield><datafield tag="245" ind1="0" ind2="0"><subfield code="a">Annual report.</subfield></datafield><datafield tag="260" ind1=" " ind2=" "><subfield code="a">San Juan.</subfield></datafield><datafield tag="300" ind1=" " ind2=" "><subfield code="a">16v.</subfield><subfield code="b">fold. maps, fold. plans, diagrs. (part fold.)</subfield><subfield code="c">23 cm.</subfield></datafield><datafield tag="362" ind1="0" ind2=" "><subfield code="a">1925/26-1940/41</subfield></datafield><datafield tag="500" ind1=" " ind2=" "><subfield code="a">Title, : Informe anual...Annual report...</subfield></datafield><datafield tag="515" ind1=" " ind2=" "><subfield code="a">Report year ends June 30.</subfield></datafield><datafield tag="538" ind1=" " ind2=" "><subfield code="a">Mode of access: Internet.</subfield></datafield><datafield tag="550" ind1=" " ind2=" "><subfield code="a">Issued by the utilization of the Water Resources and Puerto Rico Irrigation service (South Coast).</subfield></datafield><datafield tag="580" ind1=" " ind2=" "><subfield code="a">Continued in part in the Annual report of the Puerto Rico Water resources authority.</subfield></datafield><datafield tag="650" ind1=" " ind2="0"><subfield code="a">Hydroelectric power plants</subfield><subfield code="z">Puerto Rico.</subfield></datafield><datafield tag="650" ind1=" " ind2="0"><subfield code="a">Water-supply</subfield><subfield code="z">Puerto Rico.</subfield></datafield><datafield tag="650" ind1=" " ind2="0"><subfield code="a">Irrigation</subfield><subfield code="z">Puerto Rico.</subfield></datafield><datafield tag="710" ind1="1" ind2=" "><subfield code="a">Puerto Rico.</subfield><subfield code="b">Irrigation Service (South Coast)</subfield></datafield><datafield tag="785" ind1=" " ind2=" "><subfield code="t">Annual report of the Puerto Rico Water Resources Authority</subfield></datafield><datafield tag="CID" ind1=" " ind2=" "><subfield code="a">000496558</subfield></datafield><datafield tag="DAT" ind1="0" ind2=" "><subfield code="a">19880718000000.0</subfield><subfield code="b">20210817000000.0</subfield></datafield><datafield tag="DAT" ind1="1" ind2=" "><subfield code="a">20210912090708.0</subfield><subfield code="b">2021-09-13T16:16:28Z</subfield></datafield><datafield tag="DAT" ind1="2" ind2=" "><subfield code="a">2020-07-25T17:30:02Z</subfield></datafield><datafield tag="CAT" ind1=" " ind2=" "><subfield code="a">SDR-MIU</subfield><subfield code="d">ALMA</subfield><subfield code="l">prepare.pl-004-008</subfield></datafield><datafield tag="FMT" ind1=" " ind2=" "><subfield code="a">SE</subfield></datafield><datafield tag="HOL" ind1=" " ind2=" "><subfield code="0">sdr-miu.990004965580106381</subfield><subfield code="a">MiU</subfield><subfield code="b">SDR</subfield><subfield code="c">MIU</subfield><subfield code="p">mdp.39015053274380</subfield><subfield code="s">MIU</subfield><subfield code="z">1936-1941</subfield><subfield code="1">990004965580106381</subfield></datafield><datafield tag="974" ind1=" " ind2=" "><subfield code="b">MIU</subfield><subfield code="c">MIU</subfield><subfield code="d">20210913</subfield><subfield code="s">google</subfield><subfield code="u">mdp.39015053274380</subfield><subfield code="z">1936-1941</subfield><subfield code="y">1941</subfield><subfield code="r">ic</subfield><subfield code="q">bib</subfield><subfield code="t">US serial item date &gt;= 1927</subfield></datafield></record>